<record><leader>00000cas a22000007a 4500</leader><controlfield tag="001">12825555</controlfield><controlfield tag="008">851120d18811924wiuwr ne      0    0eng d</controlfield><datafield ind1=" " ind2=" " tag="010"><subfield code="a">sn 85041413 </subfield></datafield><datafield ind1=" " ind2=" " tag="040"><subfield code="a">NPV</subfield><subfield code="b">eng</subfield><subfield code="c">NPV</subfield><subfield code="d">OCLCQ</subfield></datafield><datafield ind1=" " ind2=" " tag="042"><subfield code="a">msc</subfield></datafield><datafield ind1=" " ind2=" " tag="045"><subfield code="a">w8x2</subfield></datafield><datafield ind1=" " ind2=" " tag="052"><subfield code="a">4123</subfield><subfield code="b">R5</subfield></datafield><datafield ind1="0" ind2="0" tag="245"><subfield code="a">Richland rustic.</subfield></datafield><datafield ind1="1" ind2="3" tag="246"><subfield code="a">Rustic</subfield></datafield><datafield ind1=" " ind2=" " tag="260"><subfield code="a">Richland Center, Wis. :</subfield><subfield code="b">J.A. Smith,</subfield><subfield code="c">1881-</subfield></datafield><datafield ind1=" " ind2=" " tag="300"><subfield code="a">v. :</subfield><subfield code="b">ill.</subfield></datafield><datafield ind1=" " ind2=" " tag="310"><subfield code="a">Weekly</subfield></datafield><datafield ind1="0" ind2=" " tag="362"><subfield code="a">Vol. 5, no. 22 (June 10, 1881)-</subfield></datafield><datafield ind1="1" ind2=" " tag="362"><subfield code="a">Ceased in 1924.</subfield><subfield code="z">Cf. Oehlerts, d. E. Guide to Wis. newspapers.</subfield></datafield><datafield ind1=" " ind2=" " tag="500"><subfield code="a">Publisher varies.</subfield></datafield><datafield ind1=" " ind2=" " tag="500"><subfield code="a">Editors: L.D. Bailey, June 29, 1906-April 28, 1911; H. Bailey, May 6, 1911-Aug. 2, 1918.</subfield></datafield><datafield ind1=" " ind2=" " tag="525"><subfield code="a">Supplements accompany some issues.</subfield></datafield><datafield ind1=" " ind2=" " tag="530"><subfield code="a">Available on microfilm from The State Historical Society of Wisconsin.</subfield></datafield><datafield ind1=" " ind2=" " tag="580"><subfield code="a">Absorbed by: Richland democrat. Cf. Richland democrat, April 2, 1924.</subfield></datafield><datafield ind1=" " ind2=" " tag="752"><subfield code="a">United States</subfield><subfield code="b">Wisconsin</subfield><subfield code="c">Richland</subfield><subfield code="d">Richland Center.</subfield></datafield><datafield ind1="0" ind2="0" tag="780"><subfield code="t">Richland democrat and farmer</subfield><subfield code="w">(DLC)sn 85041412</subfield></datafield><datafield ind1="1" ind2="4" tag="785"><subfield code="t">Richland democrat (Richland Center, Wis. : 1892)</subfield><subfield code="w">(DLC)sn 85041536</subfield></datafield><datafield ind1="1" ind2=" " tag="029"><subfield code="a">AU@</subfield><subfield code="b">000025815075</subfield></datafield></record>